4584 5754
304 1435 362 1570 Iu
401 1497 550 1571 sedecim
588 1494 765 1570 Ciceronis
805 1494 847 1567 ad
884 1492 1097 1585 familiolae,
1136 1491 1196 1588 qui
1232 1498 1418 1583 uocantur,
1453 1489 1555 1562 libris
1591 1489 1681 1562 uiris
1711 1485 1821 1563 doctis
1848 1489 1941 1580 illis,
1970 1473 2031 1586 qui
2059 1493 2092 1562 ot

199 1628 435 1725 singulorum,
461 1625 522 1722 qui
542 1624 720 1698 Ciceronis
739 1629 852 1698 aetate
870 1621 1075 1714 floruerunt,
1102 1622 1313 1718 scriptorum
1332 1619 1561 1694 elocutionem
1575 1615 1597 1710 ¹)
1623 1625 1657 1692 et
1680 1618 1889 1691 universum
1918 1617 2092 1690 semeonis

200 1755 367 1830 cotidiani
394 1751 536 1846 usumi)
563 1759 841 1850 perscrutantur,
867 1757 940 1824 tam
969 1749 1121 1846 amplae,
1147 1750 1185 1822 in
1212 1772 1279 1845 quo
1297 1749 1457 1822 electrina
1474 1749 1586 1844 possit
1611 1747 1835 1843 studiumque
1863 1747 2091 1844 cognoscendi

200 1907 394 1979 cucumere,
420 1907 568 1980 carnpus
596 1889 649 1956 cst
675 1881 883 1980 patefactus,
909 1885 949 1953 ut
967 1877 1267 1975 circumspicienti
1287 1877 1376 1949 milri
1395 1877 1651 1974 reputantique,
1677 1876 1845 1973 quidnam
1870 1875 1912 1950 ad
1935 1881 2091 1949 tractan-

199 2016 281 2088 dum
310 2013 475 2111 eligerem
503 2011 757 2110 gymnasiique
783 2009 971 2082 Budissini
998 2007 1263 2105 programmati,
1294 2007 1460 2102 quoniam
1489 2007 1523 2079 id
1551 2005 1640 2078 milri
1667 2029 1799 2079 munus
1827 2005 2092 2102 suscipiendum

200 2143 278 2236 fuit,
305 2141 610 2216 commentationis
636 2140 710 2213 loco
738 2138 914 2232 adderem,
949 2137 1165 2233 simulatque
1199 2137 1235 2208 in
1273 2136 1354 2208 illos
1381 2135 1490 2208 libros
1519 2135 1637 2228 incidi,
1669 2141 1770 2209 tanta
1801 2157 1921 2208 rerum
1948 2133 2094 2209 materia

201 2272 319 2345 oblata
337 2270 441 2342 nulla
457 2269 531 2342 iam
551 2269 723 2342 dubitatio
743 2274 835 2342 esset
858 2275 962 2364 atquc
985 2266 1020 2338 id
1044 2272 1184 2338 tantum
1209 2266 1339 2338 mirum
1365 2264 1551 2359 uideretur,
1572 2265 1661 2360 quod
1675 2264 1712 2337 L.
1727 2263 1913 2337 Munatius
1928 2263 2094 2357 Plancus,

202 2400 304 2473 cuius
328 2397 511 2496 epistulae,
536 2397 699 2472 undecim
717 2419 862 2470 numero
888 2397 926 2469 in
945 2394 1076 2469 decimo
1101 2395 1191 2468 libro
1217 2400 1408 2487 exstantes
1434 2398 1506 2468 tam
1529 2393 1666 2490 largam
1689 2392 1941 2490 proprietatum
1959 2393 2092 2489 copiam

202 2529 378 2626 praebent,
405 2527 570 2620 nondum,
596 2529 658 2624 qui
683 2527 760 2600 eius
789 2526 942 2600 sermoni
970 2546 1108 2621 operam
1136 2524 1244 2616 daret,
1268 2523 1474 2597 invenisset.

303 2656 398 2730 Nam
426 2657 492 2728 etsi
519 2680 589 2730 non
616 2656 810 2748 (doluerunt,
840 2655 901 2750 qui
929 2652 969 2726 de
994 2653 1122 2726 Planci
1149 2659 1183 2724 ot
1208 2653 1285 2754 'rita
1312 2653 1485 2747 rebusque
1512 2645 1659 2748 gesuri)
1686 2658 1719 2724 et
1744 2651 1979 2747 epistularum
2007 2657 2093 2725 tem·

203 2809 284 2881 pore
318 2792 422 2879 atque
455 2780 611 2874 ordinet)
645 2785 875 2876 dissererent,
909 2805 1009 2854 nemo
1043 2779 1175 2874 utlhuc,
1207 2787 1379 2877 quantum
1417 2781 1498 2872 scio,
1532 2781 1572 2852 de
1600 2803 1759 2854 somnone
1785 2780 1862 2854 eius
1889 2780 2095 2878 disputavit.

203 2915 317 3002 Quam
345 2921 478 3008 purtem
508 2912 553 2986 ab
580 2913 664 2986 aliis
691 2934 843 2984 vacuam
871 2910 1031 2984 relictam
1060 2933 1120 3008 pro
1148 2911 1236 2984 meis
1265 2909 1611 3007 viribusquominus
1638 2910 1777 3006 explere
1804 2933 2096 3006 commendoque

203 3043 253 3114 rei
281 3042 438 3115 ilaritate
465 3064 576 3137 neque
603 3040 875 3114 difficultatibus
903 3040 1089 3112 deterritus
1118 3062 1207 3114 suro.

308 3175 422 3266 Atque
440 3169 577 3265 Planci,
602 3193 688 3266 quos
709 3170 873 3274 tractavi,
896 3169 983 3242 locis
1002 3169 1038 3241 in
1059 3169 1251 3242 orationem
1270 3169 1474 3241 contirmam
1495 3168 1652 3262 receptis,
1678 3169 1891 3264 aequalium,
1918 3168 2096 3242 Ciceronis

203 3301 389 3396 praecipue
415 3307 448 3372 et
472 3298 645 3392 Caesaris
672 3299 809 3372 similes
837 3299 1035 3371 subnotari.
1086 3298 1179 3386 eros
1208 3321 1340 3393 magna
1367 3319 1410 3369 ex
1438 3303 1536 3392 parte
1565 3296 1636 3368 ideo
1663 3297 1817 3392 pleniore
1843 3300 1956 3372 l'erma
1983 3298 2099 3392 attuli,

205 3451 259 3521 no,
285 3427 346 3522 qui
373 3427 500 3500 lecturi
526 3435 653 3520 essent,
680 3429 788 3498 libros
815 3426 1000 3501 evolvendi
1028 3425 1189 3498 molestia
1216 3425 1449 3499 allicerentur.

206 3607 513 3618 ——----—---—--·—

309 3699 328 3767 ¹)
347 3702 457 3753 Praeter
475 3701 550 3760 illud,
573 3701 644 3768 quod
663 3701 741 3768 Opitz
760 3700 872 3756 Naumb.
887 3699 953 3751 1870
971 3699 1054 3751 edidit
1072 3714 1243 3766 programma,
1267 3699 1387 3760 alterum,
1410 3714 1462 3767 quo
1482 3699 1590 3752 Stinuer
1608 3699 1713 3766 Oppeln
1733 3699 1791 3755 eod.
1810 3718 1833 3752 a.
1852 3703 1903 3752 tria
1921 3701 2010 3767 priora
2027 3716 2098 3753 com·

204 3788 298 3854 plexus
317 3795 364 3846 est,
384 3789 416 3838 ef.
428 3788 454 3840 i.
472 3789 508 3840 ll.
527 3787 687 3849 Suhmala,
713 3787 778 3839 iiber
796 3785 848 3838 den
867 3786 1103 3852 Sprecbgcbrauch
1122 3784 1169 3836 der
1186 3786 1373 3837 nichtciceron.
1387 3785 1483 3844 Briet'e,
1503 3785 1904 3852 711110111011111111.171881
1924 3804 1949 3852 p.
1964 3785 2097 3848 ei-ltr;

206 3874 271 3924 iiber
289 3872 331 3923 die
350 3873 480 3924 latinitat
499 3873 546 3925 des
565 3873 594 3925 P.
613 3875 775 3933 Vatinius,
800 3873 890 3937 Progr.
909 3871 1016 3922 blannh.
1037 3870 1114 3934 18811
1143 3871 1208 3922 iiber
1230 3871 1281 3922 den
1305 3871 1541 3938 Spruchgebrauclr
1560 3870 1607 3920 des
1625 3873 1733 3922 Asinius
1757 3872 1877 3934 Pollio,
1902 3872 2032 3924 Festschr.
2052 3889 2099 3923 aur

205 3956 247 4008 80.
262 3957 446 4010 Philet-Vere.
467 3960 638 4026 pro—101.
657 3959 755 4010 liurlsr.
774 3957 815 4009 88.
851 3959 879 4009 C.
893 3957 968 4008 Asini
988 3957 1106 4006 Potionis
1125 3956 1158 4008 de
1177 3957 1264 4009 bello
1283 3958 1394 4007 Africo
1414 3962 1552 4008 comment.
1566 3973 1617 4008 ree.
1636 3957 1665 4009 n.
1680 3957 1833 4008 tvoltflin
1853 3963 1878 4009 et
1896 3959 1919 4008 Α
1937 3957 2098 4019 blioddnslri,

206 4044 279 4109 Lipe.
292 4041 333 4093 89.
368 4043 402 4094 Κ.
421 4044 594 4103 Selrirmer,
613 4047 679 4097 iiber
697 4045 748 4095 den
767 4042 1002 4111 Spracbgebraueh
1022 4043 1068 4093 des
1086 4043 1121 4095 M.
1141 4044 1247 4104 Brrrtus,
1266 4043 1357 4110 Prcgr.
1376 4043 1446 4094 bleta
1466 4042 1540 4094 1884.
1577 4043 1610 4094 11.
1630 4043 1813 4105 llellruuth,
1838 4043 1903 4094 iiber
1921 4043 1963 4094 die
1982 4044 2099 4111 Sprache

206 4129 252 4180 der
275 4127 738 4196 131111ῐοί0111.88111110111101111111
761 4131 815 4180 und
834 4130 864 4182 L.
884 4129 1024 4181 Cornelius
1042 4128 1151 4190 Balbus,
1170 4127 1278 4182 Wiirab.
1291 4127 1331 4180 88.
1373 4129 1401 4180 P.
1422 4130 1520 4196 Burg,
1548 4127 1581 4180 de
1607 4127 1746 4180 11011111
1773 4129 1835 4181 auo
1861 4144 1958 4196 genere
1985 4129 2099 4190 dicendi,

207 4216 281 4282 Lipe.
294 4212 328 4266 88
346 4212 419 4280 (dise.
437 4213 594 4281 Freiburg).
629 4213 658 4265 P.
677 4215 815 4275 becher,
839 4215 905 4267 iiber
923 4215 974 4266 den
993 4213 1229 4282 Sprecbgebraucb
1247 4215 1293 4264 der
1312 4214 1426 4276 Caelius,
1445 4215 1537 4282 l’rogr.
1553 4215 1597 4269 lit.
1610 4215 1650 4267 88.
1687 4214 1718 4265 Α.
1737 4215 1873 4276 Kbhler,
1896 4214 1962 4267 iiber
1979 4215 2022 4267 die
2040 4216 2099 4282 Spr.

206 4300 253 4353 der
271 4299 360 4352 Briefe
378 4299 425 4351 dee
443 4299 473 4349 P.
487 4297 591 4349 Cornel.
610 4299 770 4351 Lentulus
790 4303 922 4367 Spinther,
946 4301 1047 4351 Niirnb.
1063 4299 1108 4351 alt.
1121 4299 1215 4366 Cyme.
1231 4299 1305 4352 1890.
1342 4301 1372 4351 E.
1389 4299 1555 4364 Gebhard,
1574 4301 1606 4351 de
1626 4302 1659 4355 D.
1677 4301 1753 4352 Junii
1770 4300 1848 4352 Bruti
1866 4317 1964 4368 genere
1982 4301 2098 4364 dicendi,

205 4386 269 4438 diae.
288 4386 349 4438 Jen.
369 4383 443 4438 1891.

309 4477 331 4544 8)
356 4479 388 4532 0.
408 4479 561 4548 Rebling,
580 4479 700 4532 b'erarreh
723 4481 797 4530 einer
819 4480 1094 4533 Charehterietik
1116 4481 1163 4532 der
1185 4484 1250 4532 rom.
1263 4482 1461 4548 Umgangespr,
1478 4481 1546 4548 [Kiel
1564 4480 1605 4544 78,
1623 4480 1665 4534 83.
1713 4479 1756 4548 (0.
1770 4481 1868 4544 Weiee,
1887 4481 2098 4536 Charaktcriatik

208 4565 254 4616 der
271 4567 316 4618 lut.
331 4567 397 4632 Spa,
416 4563 573 4632 Leipsbl.)
608 4563 739 4627 Wiiltilin,
758 4565 962 4634 Beurerlrungen
981 4566 1046 4618 iiber
1063 4565 1307 4634 daaVulg'a’rlatein
1325 4568 1421 4620 Philol.
1457 4566 1560 4629 Buca
1580 4567 1647 4622 1870
1664 4583 1689 4634 p.
1704 4565 1831 4619 lot-61.
1866 4566 1898 4621 G.
1917 4567 2099 4636 Landgraf,

208 4650 460 4719 Bemerlrungen
479 4668 538 4703 aum
556 4668 643 4704 sermo
661 4651 810 4703 cotidianus
829 4653 857 4702 in
875 4651 926 4704 den
945 4653 1052 4705 Briet'cn
1070 4652 1178 4705 Ciceros
1196 4652 1251 4704 und
1268 4669 1303 4704 en
1321 4653 1375 4706 Cic.
1412 4653 1494 4709 Bliitt.
1512 4653 1530 4705 f.
1541 4653 1636 4720 Beyer.
1650 4652 1757 4718 Gymn—
1775 4652 1831 4704 und
1849 4653 2099 4706 Rebi-Schulweeen

209 4733 283 4796 1800,
302 4733 351 4786 Bo.
366 4736 406 4798 10,
426 4737 489 4789 Heli
508 4737 596 4790 6111111
615 4737 639 4792 7.
675 4737 704 4787 Ρ.
722 4738 845 4803 Meyer,
864 4737 897 4788 de
917 4739 1052 4790 Ciceronis
1070 4740 1099 4789 in
1118 4737 1237 4806 epistolis
1255 4738 1289 4790 ad
1307 4740 1360 4791 Att.
1378 4755 1505 4801 teneone,
1524 4740 1616 4805 Progr.
1634 4738 1769 4804 Bayreuth
1788 4737 1861 4792 1887.

309 4836 334 4905 ²¹)
354 4837 462 4890 Praeter
480 4841 628 4893 Drumauni
645 4841 782 4892 historiam
800 4841 875 4892 liom.
894 4841 943 4904 siv
961 4859 988 4908 p.
1000 4839 1127 4908 90511111.)
1150 4841 1275 4904 atillam,
1294 4857 1371 4907 quem
1392 4841 1478 4908 Pauly
1496 4840 1591 4902 edidit,
1615 4843 1803 4910 antiquitatum
1825 4841 2029 4910 descriptionem
2048 4845 2099 4896 cub

209 4925 388 4976 Munatierum
410 4925 515 4976 nomine
539 4928 572 4979 ei.
592 4927 652 4980 CIL
670 4928 695 4978 X
713 4927 788 4990 6087,
812 4926 845 4978 de
863 4925 974 4988 Klerclr,
997 4926 1030 4978 de
1049 4927 1080 4978 1..
1097 4928 1216 4979 Munatio
1236 4927 1344 4989 Planco,
1363 4926 1512 4994 disquisitio
1530 4927 1792 4990 historico-literaria,
1810 4928 1926 4980 'l'raiecti
1944 4927 1978 4978 ad
1996 4927 2044 4982 Rh.
2058 4927 2100 4989 bb,

209 5006 309 5073 Kleyu,
337 5009 369 5060 de
393 5011 424 5062 L.
447 5009 476 5061 et
498 5010 528 5061 T.
546 5011 672 5064 Munatiir
695 5013 813 5074 Plancis,
839 5011 925 5079 lurgd.
942 5012 1001 5064 Bet.
1018 5010 1059 5072 57,
1084 5011 1282 5074 Gardthausen,
1309 5013 1446 5080 Augustus
1471 5012 1527 5064 und
1553 5014 1627 5065 aeine
1653 5015 1723 5076 Zeit,
1748 5012 1812 5064 lad
1831 5029 1857 5081 p.
1878 5011 1926 5063 108
1936 5029 1999 5081 sqq..
2018 5013 2101 5080 43aq.

212 5093 322 5155 Eclrhel,
347 5093 429 5148 doctr.
447 5111 549 5147 numer.
567 5101 620 5148 ret.
638 5113 664 5164 p.
682 5099 710 5150 11
727 5099 779 5153 rol.
798 5099 822 5150 V
840 5114 866 5166 p.
883 5096 947 5162 8571
974 5097 1007 5149 de
1030 5097 1142 5150 coloniis
1167 5116 1183 5151 a
1204 5100 1326 5151 Munatio
1344 5097 1465 5150 deductio
1483 5097 1647 5165 Deejardius,
1670 5097 1830 5166 geographie
1849 5097 1881 5149 de
1900 5097 1926 5149 la
1944 5097 2030 5150 Cende
2048 5099 2099 5150 Rc-

209 5181 296 5232 maine
315 5179 341 5230 11
359 5195 384 5246 p.
404 5179 449 5244 701
476 5181 517 5232 111
535 5199 561 5250 p.
579 5181 674 5248 7211111
702 5185 832 5247 Boiasieu,
850 5186 1019 5252 inscriptione
1038 5183 1071 5236 de
1090 5185 1167 5251 Lyon
1184 5201 1209 5252 p.
1230 5182 1372 5236 117-180.

311 5281 334 5336 ‘l
354 5282 393 5335 Oi.
413 5284 457 5338 ar.
475 5284 560 5348 Nake,
580 5285 672 5352 Progr.
691 5285 737 5338 deu
756 5288 935 5341 Luiaenet'ridt.
949 5287 1052 5356 Cyme,
1071 5289 1141 5340 Berl.
1155 5287 1229 5341 icoo.
