4584 5754
1024 295 1228 394 A...

180 496 360 566 adhibetur.
369 501 393 584 ⁸)
438 497 487 567 Ut
515 497 662 587 exemplo
690 505 775 582 utar,
803 498 942 565 Plancus
970 499 1012 565 ob
1041 497 1264 566 eredulitatem
1290 521 1380 564 sunm
1408 497 1514 586 decipi
1542 498 1660 586 potuit,
1691 497 1928 586 quodquidam
1952 497 2077 582 Cicero,

180 626 244 690 qua
266 613 336 670 eret
357 604 553 687 urbanitate,
578 604 710 691 negavit
739 626 787 690 cp.
809 607 865 685 203
894 625 966 668 cum
994 626 1053 669 nes
1080 603 1224 670 dicamus
1253 609 1297 668 ‘er
1323 602 1413 667 hiittc
1439 603 1610 689 getiuscbt
1631 603 1759 669 werden
1782 603 1929 670 hbunen’.
1973 603 2076 685 Idem,

179 715 217 772 ιιι
242 708 312 795 ipse
339 707 488 774 coneedit
514 711 564 790 23,
589 711 622 789 1,
642 731 746 796 poeste
775 711 923 794 deceptus
949 715 1008 790 cst,
1036 729 1118 795 quae
1145 708 1246 775 verba
1272 728 1331 772 nos
1357 705 1527 773 vertimus:
1560 713 1605 771 ‘er
1631 713 1716 772 wit-re
1744 707 1882 774 beinehe
1906 707 2078 795 getiuscbt

180 811 320 878 werden’
349 818 402 897 (sc.
426 834 519 878 wenn
548 835 583 878 cr
610 811 678 878 sich
708 812 799 878 nieht
826 811 1003 898 vorgesebn
1032 812 1144 896 bitte).
1196 811 1282 876 Nam
1312 811 1409 876 ctiam
1436 810 1491 876 ille
1518 818 1677 897 tempore,
1706 833 1769 898 quo
1792 834 1841 899 ep.
1866 815 1916 878 18.
1939 812 2077 900 scripsit,

179 915 354 1002 periclitari
377 916 503 998 maluit,
529 939 624 1004 quam
647 915 735 1003 quod
756 917 890 982 ‘cantius
914 916 992 982 eret'
1015 916 1183 981 eonsilium
1205 915 1286 980 inire
1311 914 1359 1000 (cf.
1384 917 1402 998 ξ
1427 917 1466 998 2),
1488 915 1507 979 i.
1532 937 1557 982 e.
1579 915 1681 980 ‘einen
1704 915 1785 981 Plan
1810 915 1989 1002 verfolgen,
2019 915 2077 981 der

180 1019 387 1086 lrehutsamer
417 1043 564 1108 genesen
596 1020 699 1086 wire’.
754 1021 829 1086 Hee
856 1020 954 1107 igitur
980 1018 1109 1085 dicendi
1132 1018 1228 1086 modo
1254 1018 1394 1084 Plancus
1422 1017 1503 1083 adeo
1532 1018 1612 1082 nihil
1640 1019 1702 1085 sibi
1731 1019 1829 1085 sumit
1855 1020 2015 1101 licentiae,
2041 1028 2077 1085 ut

179 1124 259 1191 loeis
282 1124 400 1206 allatis,
430 1147 511 1212 quae
540 1125 604 1190 sint
625 1126 752 1211 linguae
780 1125 917 1190 Latinae
938 1125 1026 1210 leges
1053 1125 1211 1211 propriae,
1234 1131 1396 1212 appareat.
1442 1121 1608 1188 Interdum
1639 1132 1747 1188 temen
1776 1125 1874 1188 ctiam
1898 1125 1931 1189 iu
1958 1123 2076 1189 Latino

181 1250 326 1294 sermone
354 1227 559 1296 indicativus·
577 1229 665 1294 cedit
693 1230 912 1311 coniunctium
946 1238 983 1293 ιιι
1010 1227 1110 1293 nrnlta
1137 1228 1310 1294 formarum
1337 1235 1484 1314 possem,
1512 1227 1701 1313 potuissem'
1723 1229 1871 1316 exempla
1893 1229 2077 1311 omittam,⁰)

181 1333 219 1400 cf.
243 1335 337 1414 23,4
368 1356 502 1416 errones,
536 1356 619 1419 qrres
652 1336 773 1399 iustius
807 1337 844 1398 in
872 1335 992 1420 Lepidi
1020 1335 1200 1418 perniciem
1227 1339 1393 1404 nrrtrnsset.
1417 1331 1451 1418 (i.
1475 1353 1501 1396 c.
1524 1353 1604 1418 quas
1627 1353 1749 1399 armare
1772 1333 1892 1397 iustum
1914 1333 1988 1419 fuit)
2013 1333 2078 1396 sihi

180 1438 296 1522 efferre
318 1444 453 1504 conates
474 1446 528 1504 cst.

913 1579 935 1652 t.
970 1575 1033 1656 Ite
1059 1573 1349 1675 temporibus.

288 1711 450 1800 Tempora
476 1711 632 1800 simplicis
660 1712 830 1793 enuntiati,
858 1733 954 1797 quac,
983 1711 1010 1776 si
1038 1710 1125 1776 nulla
1147 1709 1278 1775 alterius
1301 1709 1437 1775 actionis
1459 1711 1541 1775 ratic
1564 1709 1715 1791 habetur,
1744 1709 1892 1777 alrseluta
1913 1719 2077 1792 vocantur,

170 1815 319 1882 ‚Plancus
341 1816 375 1880 in
398 1816 545 1904 epistulis
568 1816 635 1882 suis
658 1814 816 1895 adhibuit,
837 1815 1030 1903 optimorum
1053 1813 1240 1902 plerumque
1264 1815 1454 1900 scriptorum
1477 1837 1570 1880 usum
1593 1822 1732 1880 secutus.

288 1919 335 1986 Et
355 1935 524 2006 praeseus
553 1919 697 2007 quidem,
725 1918 811 2006 qued
840 1919 968 2006 proprie
995 1919 1156 2006 loquentis
1182 1918 1235 1983 rel
1263 1917 1433 1984 scribentis
1461 1927 1512 1984 est
1539 1927 1680 2006 tempus,
1710 1921 2011 2002 egestanae
2036 1959 2074 1966 —

184 2029 348 2092 relucens:
373 2027 509 2110 lenieris-s
531 2026 637 2108 liabeo,
661 2023 822 2090 interdum
844 2023 949 2088 minus
972 2031 1119 2089 accurate
1142 2021 1183 2087 ad
1206 2044 1258 2088 res
1280 2023 1403 2088 futuras
1420 2023 1594 2110 pertinct,¹)
1610 2024 1643 2087 in
1660 2020 1872 2088 condicionali
1887 2021 2077 2108 praesertim

182 2137 215 2194 ct
235 2129 371 2195 relative
392 2130 560 2208 sententia,
583 2129 621 2194 cf.
649 2131 696 2210 11,
719 2134 739 2196 2
762 2131 793 2194 si
814 2131 871 2196 hee
893 2152 926 2193 se
949 2129 1115 2194 linientes
1137 2129 1298 2212 cerefolii)
1334 2130 1383 2210 17,
1403 2132 1422 2195 3
1446 2129 1598 2193 otnrn'hns
1620 2149 1681 2209 ero,
1705 2129 1765 2212 qni
1791 2129 1866 2192 berre
1893 2133 2076 2198 niterentur.-

181 2255 344 2320 prnesens,
366 2231 452 2320 quod
476 2233 663 2299 historicum
678 2240 821 2312 vocetur,
843 2232 883 2297 ad
900 2239 1028 2320 tempus
1048 2231 1256 2319 praeteritum
1274 2241 1324 2298 ost
1345 2230 1557 2314 referendum,
1580 2253 1605 2299 e.
1622 2253 1666 2318 gr.
1684 2233 1734 2310 21,
1758 2235 1776 2297 3
1799 2253 1853 2317 epo
1867 2231 2076 2316 ,nispe-char:

181 2346 216 2403 et
237 2339 423 2404 Laterensis
444 2339 600 2421 enittr't,·’¹)
627 2337 661 2402 in
688 2359 726 2402 ee
754 2335 907 2423 donique,
929 2336 981 2400 cui
1004 2357 1120 2402 nemen
1143 2344 1193 2402 ost
1212 2336 1405 2422 guemieo,⁴)
1428 2335 1516 2401 nulle
1538 2334 1692 2422 temperis
1715 2336 1797 2400 ratio
1820 2334 1966 2414 habetur,
1989 2332 2078 2398 uelut

182 2445 232 2524 23,
256 2447 273 2507 1
297 2443 471 2508 credulitas
494 2482 535 2490 -
558 2444 597 2506 ιῖιι
619 2443 736 2527 optimi
757 2443 914 2526 cuiusque
936 2448 1074 2506 inertiam
1095 2443 1253 2526 facillime
1274 2442 1405 2526 dirrupit.

290 2543 496 2613 Perfectum
529 2546 646 2633 prime,
679 2546 733 2632 qui
765 2545 808 2610 sit
841 2567 994 2633 praesens
1024 2544 1160 2610 actionis
1187 2543 1349 2632 perfectae
1375 2551 1492 2623 status,
1525 2541 1652 2623 deinde,
1682 2541 1823 2629 quidde
1847 2541 2078 2628 repraeterita

183 2647 375 2732 indicemus,
407 2660 571 2737 pestremo
604 2649 715 2715 aeristi
749 2648 863 2731 instar,
896 2647 974 2736 quid
1008 2649 1137 2715 omnino
1170 2648 1290 2714 factum
1324 2647 1376 2729 sit,
1409 2647 1575 2734 signifieat.
1626 2645 1724 2725 Quod
1753 2645 1857 2734 prime
1882 2645 1953 2711 loeo
1975 2645 2077 2732 posui,

181 2753 260 2841 perf.
282 2776 435 2842 praesens
449 2754 589 2820 Plancus
604 2753 749 2840 pluribus
765 2751 914 2818 adhibuit
936 2753 1031 2818 locis:
1062 2756 1126 2834 8,6
1151 2755 1218 2838 r'pasc
1242 2753 1289 2818 ite
1310 2776 1385 2817 srrnr
1408 2755 1521 2817 errirne
1537 2758 1679 2837 parntes
1699 2790 1741 2799 —
1765 2755 1815 2838 (nt
1829 2772 1897 2816 nort
1919 2752 2072 2832 recusem)

183 2860 237 2941 §i
260 2860 345 2923 ‘ncihi
365 2860 495 2943 fruetus
516 2867 562 2924 est
579 2866 729 2944 peretur,
755 2860 839 2940 1t,1
863 2859 1030 2924 Arrtenn'ns
1056 2859 1141 2923 renr't
1163 2861 1202 2944 (q.
1219 2879 1245 2922 e.
1260 2855 1382 2937 ‘adest',
1405 2856 1549 2943 sequitur
1571 2857 1707 2939 (illest).
1754 2853 1857 2935 Idem,
1880 2852 1957 2940 quid
1980 2874 2078 2940 opera

183 2985 240 3028 sua
256 2961 409 3044 eli'eeerit,
430 2961 553 3028 indicat
574 2962 717 3049 perfeeto
737 2960 842 3047 logice
860 2964 942 3043 15,1
967 2963 1123 3028 serlnh'tns
1148 2984 1215 3026 arrae
1240 2963 1316 3026 nnn
1336 2962 1493 3046 fraretum,
1518 2963 1536 3044 ξ
1554 2964 1572 3024 2
1591 2962 1736 3048 profeci,
1760 2958 1914 3023 historico
1930 2956 2079 3043 denique,

182 3089 264 3153 quac
286 3075 378 3153 geste
400 3067 474 3146 sint,
499 3067 632 3154 exponit
654 3070 705 3148 23,
725 3069 743 3131 2
768 3068 877 3152 copies
899 3067 1033 3131 nddrrri.
1058 3067 1201 3131 nde'rnrri
1222 3067 1297 3132 hem
1321 3106 1372 3132 —.
1405 3067 1483 3151 Lep.
1502 3105 1543 3112 -
1559 3089 1592 3130 se
1614 3065 1787 3130 ccrninrm't
1808 3085 1837 3128 o.
1863 3064 1894 3127 d.
1918 3063 1941 3126 I
1946 3063 1979 3127 1⁷.
1999 3062 2074 3126 Kal.

183 3173 259 3237 lun.
278 3174 446 3257 sedentque
462 3173 513 3238 die
525 3211 566 3220 -—
583 3177 762 3237 rrecccrnnl.
795 3169 904 3235 Etiam
917 3172 1049 3235 ccrrsh'li
1065 3172 1146 3250 11,2
1163 3191 1264 3255 aeque
1281 3177 1377 3255 atque
1392 3171 1522 3234 consedi
1537 3171 1618 3250 23,2
1634 3167 1822 3232 historicum
1837 3164 2012 3253 perfectum
2029 3165 2078 3229 in-

182 3272 398 3362 tellegendum
421 3297 501 3357 esse,
525 3275 697 3358 historicis,
718 3297 800 3361 quae
823 3274 856 3338 in
879 3273 1039 3339 sententia
1059 3273 1146 3338 finali
1169 3281 1354 3359 sequuntur,
1382 3271 1581 3358 temporibus
1608 3271 1727 3358 (priore
1755 3271 1775 3336 l.
1800 3276 1940 3356 perotus
1968 3291 2077 3352 esseni,

183 3378 283 3445 altero
308 3379 448 3466 pressam)
481 3377 732 3461 demonstratur,
758 3378 844 3465 qued
871 3399 935 3444 nen
966 3376 1164 3458 mirabimur,
1197 3399 1269 3441 eum
1303 3385 1426 3442 lantum
1453 3377 1548 3458 absit,
1574 3385 1611 3441 ut
1633 3374 1758 3461 singule
1780 3376 1865 3440 inter
1886 3396 1921 3439 se
1944 3372 2078 3460 perlecti

182 3505 300 3568 genere
322 3483 419 3548 certis
441 3484 506 3548 sint
527 3484 672 3550 terminis
696 3482 859 3570 discripte,
881 3489 918 3547 ut
940 3504 1165 3569 nonnunquam
1189 3481 1246 3547 vix
1266 3479 1393 3567 possint
1415 3479 1561 3546 discerni.

291 3586 450 3653 Primaris
480 3587 615 3674 perfecti
643 3587 693 3654 vis
721 3587 924 3653 confirmetur
955 3585 1109 3653 adverbio
1138 3583 1263 3650 ‘adhuc'
1291 3583 1453 3672 additae
1487 3587 1579 3666 23,0
1610 3586 1696 3669 qrred
1718 3584 1824 3648 edisne
1845 3582 1966 3666 fecisti,
1993 3582 2076 3645 idern

180 3698 325 3778 pressio,
357 3694 406 3774 17,
429 3695 449 3757 3
476 3699 554 3758 extr.
577 3693 631 3776 sne
655 3730 696 3738 -
721 3693 851 3774 tunm-is,
880 3693 965 3755 sicut
991 3692 1097 3755 ndlenc
1125 3731 1165 3737 —
1189 3691 1304 3775 fecisti,
1333 3691 1384 3771 24,
1406 3694 1426 3756 2
1451 3697 1489 3754 nt
1517 3691 1592 3754 telis
1614 3693 1781 3772 pressiore
1804 3707 1942 3770 possem,
1970 3687 2080 3770 quales

287 3955 309 4024 8)
326 3957 411 4020 Quam
429 3956 534 4008 dicendi
553 3956 659 4008 medum
678 3954 782 4007 Caelius
801 3955 842 4006 bis
862 3952 984 4005 adhibuit
998 3952 1022 4014 8,
1037 3951 1107 4014 14,4
1125 3954 1215 4019 ‘prope
1233 3951 1330 4004 oblitus
1343 3968 1409 4012 snm,
1428 3949 1500 4017 qued
1512 3951 1624 4001 maxime
1636 3949 1687 4000 init
1699 3946 1876 4000 scribendum’
1893 3952 1932 4008 ut,
1951 3963 2019 4012 ques
2035 3962 2079 3996 res

183 4061 218 4095 ne
236 4043 310 4095 fieret
327 4042 472 4110 perieulum
490 4042 585 4103 iuerat,
605 4040 715 4094 eandem
735 4037 900 4091 efficiendam
918 4038 1091 4105 significares
1111 4039 1145 4088 cl.
1158 4038 1233 4090 Caes.
1253 4037 1285 4088 G.
1302 4036 1326 4100 2,
1344 4036 1378 4088 20
1395 4039 1410 4099 5
1429 4037 1442 4087 l
1463 4043 1489 4087 et
1506 4033 1530 4088 2.
1567 4037 1638 4098 Quin
1656 4037 1734 4086 etiam
1752 4035 1781 4084 in
1799 4031 1910 4100 epodosi
1927 4032 2016 4084 irreeli
2033 4031 2079 4082 ad-

184 4129 275 4182 verbio
295 4129 395 4196 ‘paene
414 4127 504 4180 eddite
523 4127 695 4180 indicativum
713 4127 821 4178 retineri
839 4125 910 4175 Livii
929 4124 1049 4191 exemplo
1067 4123 1092 4185 2,
1112 4123 1152 4185 10,
1170 4123 1187 4174 2
1205 4122 1365 4184 ostenditur,
1389 4124 1433 4173 cui
1451 4121 1535 4174 Cnelii
1552 4121 1639 4172 lecum
1662 4120 1696 4186 (9,
1715 4120 1740 4183 4,
1760 4119 1785 4184 1)
1808 4119 1897 4186 specie
1920 4119 2079 4170 cenuvium

184 4231 239 4266 neu
265 4221 335 4266 reete
363 4216 463 4282 epponi
488 4212 578 4266 Antib.
599 4213 627 4263 11
653 4211 705 4264 214
731 4217 902 4274 insumeretur,
932 4215 1026 4262 eontra
1049 4211 1123 4276 Burg
1140 4227 1166 4276 p.
1183 4209 1217 4261 39
1239 4225 1319 4260 unum
1343 4225 1375 4258 ex
1397 4210 1543 4260 recentiore
1567 4209 1693 4274 scriptore
1717 4206 1811 4271 (llrnrn.
1829 4205 1912 4255 Mare.
1931 4202 1971 4266 16,
1990 4203 2014 4266 2,
2037 4202 2080 4267 10)

185 4301 332 4368 exemplum
351 4299 448 4352 attulit.

287 4384 308 4448 ⁹)
327 4386 366 4439 ef.
384 4385 472 4438 anub.
491 4385 518 4437 11
536 4383 587 4437 299
605 4391 631 4438 et
649 4386 798 4446 Johenson,
817 4383 850 4436 de
868 4399 919 4435 usu
936 4381 1081 4446 medorum,
1102 4381 1202 4448 Upssle
1220 4380 1261 4443 68,
1280 4399 1305 4447 p.
1324 4379 1358 4432 90
1367 4397 1404 4447 eq.
1423 4381 1465 4431 40.

290 4487 309 4556 ι)
328 4489 368 4544 cf.
387 4489 442 4541 Cio.
460 4487 495 4540 ad
512 4488 566 4540 An.
587 4487 627 4551 14,
647 4485 687 4548 11,
705 4487 722 4538 2
740 4488 780 4538 ‘Ia
798 4503 857 4538 eres
875 4502 951 4537 mane
969 4484 1050 4536 vadit*
1069 4492 1096 4536 et
1113 4485 1188 4550 Synt.
1205 4485 1220 4546 ξ
1237 4481 1279 4535 29.

287 4574 307 4640 9)
325 4575 405 4642 Apud
423 4575 514 4630 Helm.
532 4574 567 4625 ad
585 4572 772 4634 hiduinum,
792 4588 861 4639 quse
878 4571 935 4622 lieri
951 4573 1062 4638 possint,
1081 4587 1168 4623 rerum
1180 4571 1290 4622 alteram
1302 4576 1441 4636 praesente
1454 4567 1596 4621 indicatam
1608 4565 1812 4635 probabiliorem
1824 4563 1910 4616 rideri
1921 4569 2081 4616 memoratur

186 4661 306 4729 exemplo
324 4678 355 4713 ex
374 4662 453 4712 Livio
471 4658 523 4725 (23,
543 4659 584 4721 13,
602 4657 628 4725 o)
647 4658 738 4718 allate,
757 4661 801 4710 cui
819 4659 888 4710 eddo
907 4659 937 4713 F.
957 4656 997 4718 14,
1016 4656 1040 4718 2,
1059 4655 1087 4720 33
1112 4656 1246 4708 interdum
1264 4663 1361 4715 sutem,
1386 4662 1416 4707 ut
1436 4657 1477 4705 ris
1500 4655 1675 4722 oppositionis
1697 4657 1837 4719 augeatur,
1860 4666 1923 4704 rere
1946 4652 2080 4702 achonum

185 4756 303 4816 tempere
321 4747 444 4814 neglecte
462 4748 490 4798 in
508 4751 620 4812 utreque
639 4747 768 4798 encausti
786 4745 902 4796 membre
920 4735 1178 4811 praesens'ponitur,
1196 4743 1270 4795 uelut
1289 4742 1345 4794 Cic
1363 4741 1438 4792 Varr.
1457 4739 1480 4802 l,
1499 4740 1527 4802 63
1553 4739 1596 4792 tin.
1615 4737 1639 4798 5,
1656 4737 1697 4790 86.

288 4831 310 4899 Ι)
329 4832 368 4886 Cf.
387 4832 418 4884 F.
438 4830 477 4894 10,
496 4829 537 4892 00,
556 4830 573 4882 3
590 4830 702 4896 (Galbae
721 4829 773 4897 ep.)
792 4833 918 4898 'racipere
936 4847 978 4882 ms
997 4831 1072 4895 coepi
1092 4857 1123 4866 -
1142 4831 1245 4880 interim
1264 4828 1359 4879 ridee’.

287 4917 309 4983 ⁴)
328 4918 368 4970 Oi.
388 4917 462 4983 syna
479 4917 494 4979 5
510 4915 553 4968 26.

290 5003 311 5070 ⁶)
329 5005 360 5058 L.
379 5002 521 5056 Aemilium
539 5003 673 5056 consulem
693 5004 786 5055 Livius
804 5001 846 5064 22,
863 5001 906 5063 49,
926 5001 959 5052 10
980 5007 1042 5068 pest
1063 5000 1165 5052 cladem
1189 5001 1355 5052 Cannensem
1379 4999 1510 5051 dicentem
1532 4999 1596 5050 iacit
1613 4997 1760 5049 ‘Aemilium
1780 5001 1858 5047 -et
1878 4993 2080 5046 uixisseadhne

187 5099 213 5144 et
228 5092 314 5154 mori’,
337 5089 434 5158 quibus
452 5088 542 5142 verbis
561 5089 675 5155 quadam
694 5107 726 5142 ex
744 5095 818 5157 parte
836 5086 1009 5155 respondent,
1032 5103 1100 5154 quae
1119 5087 1221 5149 Cicero,
1244 5103 1304 5139 eum
1322 5102 1382 5138 sum
1401 5084 1518 5138 exsulem
1535 5085 1625 5136 mertis
1643 5081 1810 5151 oppetendae
1827 5086 1946 5148 tempere
1964 5085 2079 5147 prseter-

186 5179 266 5228 mirse
284 5179 354 5229 ritae
373 5191 457 5242 paene
474 5181 623 5243 pertaesum
642 5181 718 5238 esset,
736 5173 771 5226 ad
787 5175 904 5226 Atticum
922 5175 1027 5239 scripsit
1045 5173 1069 5235 9,
1089 5173 1128 5234 14,
1149 5173 1162 5225 1
1182 5181 1246 5228 extr.
1265 5177 1323 5225 ‘nos
1340 5173 1439 5224 vixisse
1458 5177 1484 5224 et
1501 5170 1588 5222 adhue
1606 5170 1717 5230 rirere';
1742 5165 1796 5228 red,
1815 5167 1870 5217 sive
1888 5167 2006 5234 perfecte
2024 5167 2079 5218 sire

186 5263 341 5330 imperfecta
358 5264 428 5315 aetio
448 5267 488 5315 est
505 5261 588 5324 verbi,
607 5263 651 5313 eui
669 5260 771 5312 ‘adhue'
788 5260 920 5322 tribuitur,
938 5262 1087 5327 praesentis
1105 5265 1177 5312 certe
1194 5261 1320 5326 temperis
1337 5258 1402 5310 haee
1421 5257 1455 5310 sb
1473 5258 1550 5308 initio
1568 5256 1617 5308 tuit
1634 5254 1771 5322 particula,
1791 5253 1824 5305 cf.
1838 5253 1911 5318 Synt.
1930 5255 1945 5314 ς
1961 5251 2003 5305 41.
